 
@article{Meyer2003114,
	Author = {U. Meyer and P. Sanders},
	Doi = {http://dx.doi.org/10.1016/S0196-6774(03)00076-2},
	Issn = {0196-6774},
	Journal = {Journal of Algorithms},
	Note = {1998 European Symposium on Algorithms},
	Number = {1},
	Pages = {114 - 152},
	Title = {Î”-stepping: a parallelizable shortest path algorithm},
	Url = {http://www.sciencedirect.com/science/article/pii/S0196677403000762},
	Volume = {49},
	Year = {2003},
	Bdsk-Url-1 = {http://www.sciencedirect.com/science/article/pii/S0196677403000762},
	Bdsk-Url-2 = {http://dx.doi.org/10.1016/S0196-6774(03)00076-2}}
@ARTICLE{2016arXiv160402113K,
   author = {{Kranj{\v c}evi{\'c}}, M. and {Palossi}, D. and {Pintarelli}, S.
	},
    title = "{Parallel Delta-Stepping Algorithm for Shared Memory Architectures}",
  journal = {ArXiv e-prints},
archivePrefix = "arXiv",
   eprint = {1604.02113},
 primaryClass = "cs.DC",
 keywords = {Computer Science - Distributed, Parallel, and Cluster Computing},
     year = 2016,
    month = apr,
   adsurl = {http://adsabs.harvard.edu/abs/2016arXiv160402113K},
  adsnote = {Provided by the SAO/NASA Astrophysics Data System}
}